<?xml version="1.0" encoding="utf-8"?>
<record xmlns="http://www.loc.gov/MARC21/slim" xmlns:xsi="http://www.w3.org/2001/XMLSchema-instance" xsi:schemaLocation="http://www.loc.gov/MARC21/slim http://www.loc.gov/standards/marcxml/schema/MARC21slim.xsd">
	<leader>     nam a22     Mi 4500</leader>
	<controlfield tag="001">b1237698x</controlfield>
	<controlfield tag="003">LeBAU</controlfield>
	<controlfield tag="006">m        d        </controlfield>
	<controlfield tag="007">cr cn |||m|||a</controlfield>
	<controlfield tag="008">181009m19551958ku      o     ||0 0 ara d</controlfield>
	<datafield ind1=" " ind2=" " tag="040">
		<subfield code="a">ZYU</subfield>
		<subfield code="b">ara</subfield>
		<subfield code="e">rda</subfield>
		<subfield code="c">ZYU</subfield>
	</datafield>
	<datafield ind1=" " ind2="4" tag="050">
		<subfield code="a">HN13</subfield>
		<subfield code="b">.K88 1955</subfield>
	</datafield>
	<datafield ind1="0" ind2="4" tag="082">
		<subfield code="a">301.153</subfield>
		<subfield code="2">20</subfield>
	</datafield>
	<datafield ind1="1" ind2=" " tag="110">
		<subfield code="6">880-01</subfield>
		<subfield code="a">Kuwait.</subfield>
		<subfield code="b">Dā’irat al-Shu’ūn al-Ijtimā‘īyah,</subfield>
		<subfield code="e">issuing body.</subfield>
	</datafield>
	<datafield ind1="1" ind2="3" tag="245">
		<subfield code="6">880-02</subfield>
		<subfield code="a">al-Taqrīr al-sanawī li-Dāʼirat al-Shuʼūn al-Ijtimāʻīyah /</subfield>
		<subfield code="c">Ḥukūmat al-Kuwayt, Dā’irat al-Shu’ūn al-Ijtimā‘īyah.</subfield>
	</datafield>
	<datafield ind1=" " ind2="1" tag="264">
		<subfield code="6">880-03</subfield>
		<subfield code="a">al-Kuwayt :</subfield>
		<subfield code="b">Dā’irat al-Shu’ūn al-Ijtimā‘īyah,</subfield>
		<subfield code="c">1375-1380 H. = 1955-1958 M.</subfield>
	</datafield>
	<datafield ind1=" " ind2=" " tag="300">
		<subfield code="6">880-04</subfield>
		<subfield code="a">online resource (4 volumes)</subfield>
	</datafield>
	<datafield ind1=" " ind2=" " tag="336">
		<subfield code="a">text</subfield>
		<subfield code="2">rdacontent</subfield>
	</datafield>
	<datafield ind1=" " ind2=" " tag="337">
		<subfield code="a">computer</subfield>
		<subfield code="2">rdamedia</subfield>
	</datafield>
	<datafield ind1=" " ind2=" " tag="338">
		<subfield code="a">online resource</subfield>
		<subfield code="2">rdacarrier</subfield>
	</datafield>
	<datafield ind1=" " ind2=" " tag="500">
		<subfield code="a">Part of the Arabic Collections Online (ACO) project, contributed by American University of Beirut's Jafet Memorial Library.</subfield>
	</datafield>
	<datafield ind1=" " ind2=" " tag="533">
		<subfield code="a">Electronic reproduction.</subfield>
		<subfield code="b">New York, N.Y. :</subfield>
		<subfield code="c">New York University,</subfield>
		<subfield code="d">2018.</subfield>
		<subfield code="5">NNU</subfield>
	</datafield>
	<datafield ind1=" " ind2="0" tag="650">
		<subfield code="6">880-05</subfield>
		<subfield code="a">Social service</subfield>
		<subfield code="z">Kuwait</subfield>
		<subfield code="v">Periodicals.</subfield>
	</datafield>
	<datafield ind1=" " ind2="0" tag="650">
		<subfield code="6">880-06</subfield>
		<subfield code="a">Labor</subfield>
		<subfield code="z">Kuwait</subfield>
		<subfield code="v">Periodicals.</subfield>
	</datafield>
	<datafield ind1=" " ind2="0" tag="650">
		<subfield code="6">880-07</subfield>
		<subfield code="a">Popular culture</subfield>
		<subfield code="z">Kuwait</subfield>
		<subfield code="v">Periodicals.</subfield>
	</datafield>
	<datafield ind1=" " ind2="0" tag="651">
		<subfield code="6">880-08</subfield>
		<subfield code="a">Kuwait</subfield>
		<subfield code="x">Economic policy</subfield>
		<subfield code="v">Periodicals.</subfield>
	</datafield>
	<datafield ind1="2" ind2=" " tag="710">
		<subfield code="a">Jafet Memorial Library.</subfield>
	</datafield>
	<datafield ind1="0" ind2=" " tag="730">
		<subfield code="a">Arabic Collections Online.</subfield>
	</datafield>
	<datafield ind1="0" ind2="8" tag="776">
		<subfield code="i">Print version:</subfield>
		<subfield code="a">Kuwait. Dā’irat al-Shu’ūn al-Ijtimā‘īyah, issuing body.</subfield>
		<subfield code="t">al-Taqrīr al-sanawī li-Dāʼirat al-Shuʼūn al-Ijtimāʻīyah</subfield>
		<subfield code="w">(LeBAU)b1237698x</subfield>
	</datafield>
	<datafield ind1="4" ind2="0" tag="856">
		<subfield code="u">http://hdl.handle.net/2333.1/1g1jx0zq</subfield>
	</datafield>
	<datafield ind1="1" ind2=" " tag="880">
		<subfield code="6">110-01</subfield>
		<subfield code="a">الكويت.</subfield>
		<subfield code="b">دائرة الشؤون الإجتماعية،</subfield>
		<subfield code="e">هيئة إصدار.</subfield>
		<subfield code="4">isb.</subfield>
	</datafield>
	<datafield ind1="1" ind2="2" tag="880">
		<subfield code="6">245-02</subfield>
		<subfield code="a">التقرير السنوي لدائرة الشؤون الإجتماعية /</subfield>
		<subfield code="c">حكومة الكويت، دائرة الشؤون الإجتماعية.</subfield>
	</datafield>
	<datafield ind1=" " ind2="1" tag="880">
		<subfield code="6">264-03</subfield>
		<subfield code="a">الكويت :</subfield>
		<subfield code="b">دائرة الشؤون الإجتماعية،</subfield>
		<subfield code="c">1375-1380 هـ. = 1955-1958 م.</subfield>
	</datafield>
	<datafield ind1=" " ind2=" " tag="880">
		<subfield code="6">300-04</subfield>
		<subfield code="a">4 أجزاء ؛</subfield>
		<subfield code="c">28 سم</subfield>
	</datafield>
	<datafield ind1="0" ind2=" " tag="880">
		<subfield code="6">505-00</subfield>
		<subfield code="a">التقرير السنوي لدائرة الشؤون الإجتماعية، 1955 -- التقرير السنوي لدائرة الشؤون الإجتماعية، 1956 -- التقرير السنوي لدائرة الشؤون الإجتماعية، 1957 -- التقرير السنوي لدائرة الشؤون الإجتماعية،1958.</subfield>
	</datafield>
	<datafield ind1=" " ind2="4" tag="880">
		<subfield code="6">650-05</subfield>
		<subfield code="a">الخدمة الإجتماعية</subfield>
		<subfield code="z">الكويت</subfield>
		<subfield code="v">دوريات.</subfield>
	</datafield>
	<datafield ind1=" " ind2="4" tag="880">
		<subfield code="6">650-06</subfield>
		<subfield code="a">العمل</subfield>
		<subfield code="z">الكويت</subfield>
		<subfield code="v">دوريات.</subfield>
	</datafield>
	<datafield ind1=" " ind2="4" tag="880">
		<subfield code="6">650-07</subfield>
		<subfield code="a">الثقافة الشعبية</subfield>
		<subfield code="z">الكويت</subfield>
		<subfield code="v">دوريات.</subfield>
	</datafield>
	<datafield ind1=" " ind2="4" tag="880">
		<subfield code="6">651-08</subfield>
		<subfield code="a">الكويت</subfield>
		<subfield code="x">السياسة الإقتصادية</subfield>
		<subfield code="v">دوريات.</subfield>
	</datafield>
	<datafield ind1=" " ind2=" " tag="959">
		<subfield code="a">NNU</subfield>
		<subfield code="b">WEB</subfield>
		<subfield code="c">GENI</subfield>
		<subfield code="t">0</subfield>
		<subfield code="m">Electronic access</subfield>
		<subfield code="s">01</subfield>
	</datafield>
	<datafield ind1=" " ind2=" " tag="999">
		<subfield code="i">LeBAU_b1237698x</subfield>
		<subfield code="s">aub_aco002052</subfield>
		<subfield code="s">aub_aco002053</subfield>
		<subfield code="s">aub_aco002054</subfield>
		<subfield code="s">aub_aco002055</subfield>
		<subfield code="e">(ERROR-MISC)</subfield>
		<subfield code="s">aub_aco002052</subfield>
		<subfield code="s">aub_aco002053</subfield>
		<subfield code="s">aub_aco002054</subfield>
		<subfield code="s">aub_aco002055</subfield>
	</datafield>
</record>
